4900 6184
2361 524 2409 576 v

766 730 876 809 rei
942 748 1093 822 est,
1171 732 1656 807 emendatum
1718 744 1794 802 et
1859 727 2219 823 singulari
2285 728 2540 802 studio
2595 728 3198 802 administratum
3267 729 3700 802 hominibus
3768 726 4004 801 doctis

764 882 1337 983 proponendum
1391 882 1688 968 curavi,
1755 894 1868 968 et,
1918 891 2008 951 ut
2051 880 2402 952 versione
2455 878 2692 952 latina
2742 882 2951 951 omni
2997 878 3142 952 fide
3211 891 3289 951 et
3355 893 3702 954 accurato
3749 879 4002 951 labore

765 1036 1159 1132 exemplar
1197 1034 1560 1105 turcicum
1607 1029 2026 1118 redderem,
2081 1031 2331 1101 enisus
2380 1050 2549 1101 sum
2595 1041 2672 1101 et
2704 1028 3078 1101 contendi.
3149 1029 3529 1102 Praesidi‘a
3572 1030 4006 1126 comparavi

766 1186 1060 1270 omnia,
1127 1183 1392 1279 quibus
1444 1201 1633 1275 opus
1683 1194 1883 1252 recte
1948 1178 2493 1261 conficiendum
2548 1200 2708 1252 esse
2760 1179 3198 1252 arbitrabar.
3301 1179 3609 1255 Recurri
3678 1177 3784 1252 ad·
3841 1201 4004 1251 eru·

765 1333 1124 1407 ditionem
1178 1342 1256 1404 et
1303 1333 1461 1404 vim
1510 1329 1840 1403 criticam
1895 1325 2004 1400 Cl.
2054 1328 2458 1400 Fleischeri
2494 1327 2922 1424 Lipsiensis,
2974 1331 3196 1403 amici
3248 1331 3399 1404 mei
3452 1329 3835 1418 carissimi,
3886 1330 4005 1399 cui

766 1483 964 1557 haud
1016 1502 1259 1578 parva
1299 1502 1475 1580 pars
1522 1440 1800 1553 laboris
1851 1478 2195 1550 lubenter
2235 1479 2560 1574 suseepti
2608 1493 2686 1550 et
2738 1480 2930 1550 bene
2983 1483 3266 1573 peracti
3317 1478 3657 1567 debetur,
3708 1490 3785 1549 et
3825 1494 4005 1548 sane

766 1634 1097 1728 contigit,
1152 1644 1238 1706 ut
1289 1633 1455 1725 ejus
1506 1631 1913 1724 sagacitate
1970 1629 2208 1702 verba
2242 1631 2502 1724 inepte
2547 1627 2963 1725 depravata
3011 1629 3399 1723 insigniter
3446 1628 3544 1702 ad
3591 1628 3752 1699 veri
3803 1626 4004 1698 simi-

764 1781 1161 1855 litudinem
1222 1779 1813 1867 adducerentur,
1878 1776 1973 1850 de
2024 1799 2172 1872 qua
2222 1802 2303 1851 re
2350 1778 2446 1851 ad
2498 1779 2709 1853 locos
2760 1781 2962 1875 ipsos
3028 1781 3447 1873 gratissimo
3501 1777 3717 1873 plura
3760 1775 4002 1848 dicam

767 1934 1047 2004 animo.

971 2078 1195 2151 Vides
1235 2077 1513 2152 deinde
1559 2077 1981 2171 catalogum
2024 2102 2072 2148 e
2116 2075 2497 2151 codicibus
2527 2076 3231 2152 vindobonensibus
3269 2097 3736 2175 expressum,
3781 2095 4002 2168 quem

756 2233 918 2323 jam
975 2226 1085 2302 Cl.
1138 2228 1576 2301 Franciscus
1625 2250 1673 2305 a
1730 2226 2083 2319 Dombay
2137 2239 2214 2300 et
2267 2240 2435 2323 post
2500 2248 2672 2300 eum
2724 2226 3081 2300 Albertus
3132 2227 3375 2301 Krafft
3442 2224 3817 2300 edendum
3884 2245 4004 2295 su-

765 2391 1192 2475 sceperant,
1257 2375 1390 2448 sed
1445 2399 1637 2472 quae
1685 2376 2049 2450 volebant
2090 2398 2247 2450 non
2300 2378 2808 2472 perficiebant.
2913 2378 3289 2474 Descripsi
3340 2377 3631 2450 codices
3676 2376 3883 2470 ipsos
3930 2383 4007 2443 et

768 2529 1072 2615 contuli,
1126 2541 1204 2600 et
1255 2548 1449 2622 quae
1503 2524 1924 2599 deformata
1968 2540 2185 2601 erant
2235 2528 2314 2597 in
2360 2526 2629 2599 melius
2676 2529 3054 2623 reparavi.
3159 2525 3462 2602 Credidi
3510 2536 3762 2600 autem
3808 2522 4008 2596 hunc

766 2678 1128 2762 indicem,
1195 2677 1323 2769 qui
1376 2696 1724 2768 magnam
1772 2676 2137 2749 librorum
2186 2675 3219 2752 arabico-mauritanicorum
3287 2677 3580 2773 copiam
3646 2674 4005 2759 continet,

771 2849 1086 2922 quorum
1139 2823 1343 2898 tituli
1412 2836 1489 2898 et
1552 2837 1893 2898 auctores
1958 2824 2325 2919 hodieque
2386 2826 2832 2922 incomperti
2898 2826 3271 2915 latebant,
3341 2826 3680 2924 exceptis
3745 2823 4010 2896 ceteris

770 2997 869 3048 ex
921 2975 1087 3048 aliis
1128 2974 1463 3048 fontibus
1510 2977 1692 3047 satis
1744 2975 2092 3068 cognitis,
2160 2975 2365 3048 foras
2411 2995 2574 3047 esse
2626 2973 3003 3063 dandum,
3073 2996 3241 3047 cum
3295 2973 3518 3067 huJus
3562 2975 3800 3070 partis
3844 2972 4004 3043 lite-

764 3148 1017 3200 rarum
1096 3126 1571 3199 orientalium
1642 3125 1737 3198 ab
1806 3126 1969 3220 ipso
2034 3124 2238 3222 Hajo'
2293 3122 2600 3220 Khalfa
2656 3124 2965 3220 aliisque
3032 3123 3565 3220 bibliographis
3630 3120 4008 3215 neglectae

767 3278 1157 3349 minimam
1215 3288 1513 3347 tantum
1586 3273 1996 3346 habeamus
2066 3276 2438 3347 notitiam.
2561 3274 2755 3348 Eum
2823 3288 3077 3347 tamen
3146 3276 3226 3345 in
3294 3273 3624 3369 linguam
3693 3272 4006 3345 latinam

766 3448 918 3498 non
974 3425 1351 3512 transtuli,
1403 3445 1575 3496 cum
1633 3422 1834 3493 tituli
1882 3423 2156 3517 singuli
2207 3422 2698 3497 adnotatione
2752 3424 2907 3498 fere
2959 3425 3314 3498 continua
3362 3421 3784 3495 instruendi
3835 3422 4008 3508 sint,

767 3579 981 3670 cnjus
1023 3575 1381 3648 beneficio
1437 3573 1927 3646 translatione
1979 3575 2149 3671 ipsa
2189 3576 2362 3668 jure
2413 3573 2896 3672 supersedere
2945 3595 3368 3673 possumus.
3473 3572 3600 3645 Ex
3651 3595 3742 3646 ea
3785 3570 4006 3644 simul

770 3724 1112 3811 elucebit,
1163 3745 1402 3819 pauca
1454 3722 1636 3794 haec
1687 3723 1871 3795 folia
1923 3722 2020 3796 ad
2067 3724 2510 3821 ampliorem
2551 3724 2934 3798 literarum
2985 3723 3459 3799 orientalium
3504 3723 4002 3819 cognitionem

771 3892 995 3965 quam
1043 3871 1451 3967 plurimum
1507 3871 1862 3945 conferre.

969 4019 1086 4092 Ad
1143 4022 1368 4094 finem
1422 4020 1744 4118 denique
1797 4042 2077 4096 novam
2131 4042 2446 4117 operum
2500 4041 2548 4092 a
2603 4019 2893 4114 Soyuu·
2928 4025 3512 4119 compositorum
3566 4020 4000 4116 descriptio·

770 4193 941 4243 nem
994 4194 1160 4245 eam
1219 4171 1317 4244 ob
1373 4194 1710 4245 caussam
1764 4197 1806 4243 e
1859 4171 2114 4246 codice
2153 4172 2489 4245 Parisino
2536 4172 2737 4268 typis
2780 4173 3273 4271 repetendam
3327 4171 3609 4261 curavi,
3659 4167 3856 4267 quod
3903 4168 4000 4241 ad

766 4342 1020 4393 eorum
1072 4320 1396 4394 indicem
1448 4321 1722 4395 abhinc
1764 4324 2031 4417 viginti
2089 4343 2331 4395 annos
2397 4346 2443 4394 a
2511 4344 2634 4394 me
2702 4322 2988 4397 editum
3033 4327 3098 4412 ¹)
3162 4339 3238 4397 et
3301 4322 3857 4397 emendandum
3925 4332 4001 4392 et

768 4491 870 4542 ex
925 4481 1139 4565 parte
1193 4471 1802 4566 amplificandum
1859 4474 2041 4546 satis
2092 4472 2537 4559 contribuit,
2612 4486 2690 4543 et
2741 4473 3161 4568 fragmento
3229 4475 3399 4547 libri
3454 4461 3658 4567 usta&
3708 4498 3904 4570 συ»
3952 4493 3999 4541 a

765 4617 1187 4713 Meursinge
1225 4622 1298 4711 ²)
1353 4624 1623 4695 emisso
1674 4623 2046 4696 recentior
2093 4634 2169 4693 et
2217 4620 2434 4715 longe
2479 4624 2882 4716 perfectior
2923 4639 3057 4712 est,
3105 4637 3191 4697 ut
3231 4646 3330 4697 ex
3373 4625 3772 4699 collatione
3801 4625 3998 4694 inter

768 4769 947 4841 haec
990 4773 1267 4866 scripta
1322 4772 1523 4844 facta
1572 4772 1789 4845 facile
1838 4785 2172 4871 apparet.

953 4986 1012 5057 Ι)
1058 4987 1155 5045 ef.
1199 4987 1445 5047 Wiener
1484 4987 1707 5082 Jahrb.
1734 4990 1841 5048 der
1882 4989 2006 5048 Lit.
2055 4990 2200 5048 Anz.
2471 4986 2535 5064 2)
2582 4988 2678 5049 ef.
2724 4990 2949 5069 Sojutii
2989 4991 3120 5051 libr.
3168 4994 3240 5053 de
3287 4991 3705 5072 interpretibus
3754 4985 3993 5046 Coroni.

1030 5087 1163 5160 *BL
1213 5089 1338 5147 Vol.
1387 5087 1830 5147 mun-Lx.
1881 5084 2060 5146 1882.
2587 5088 2663 5147 1..
2704 5090 2774 5148 Β.
2823 5086 3003 5150 1839.
3051 5112 3193 5173 pag.
3240 5092 3497 5152 7-12.
